Books :
@book{devops_for_dummies_freeman_forsgren_2019,
    title      = {DevOps For Dummies},
    year       = {2019},
    month      = {8},
    author     = {Freeman, Emily},
    editor     = {Steve Hayes},
    publisher  = {John Wiley \& Sons, Inc.},
    pages      = {368},
    isbn={978-1-119-55222-2},
}

@book{samm_v2.0_owasp_project_2021,
    title      = {Software Assurance Maturity Model},
    subtitle   = {A guide to building security into software development},
    year       = {2021},
    month      = {2},
    author     = {OWASP},
    publisher  = {OWASP Project},
    note       = {Pas encore disponible en version éditée}
}

Websites & Online ressources : 
@online{
    demo-id, 
    title={.....}, 
    url={.....}, 
    journal={.....}, 
    author={....}
}    
